@book{TwitterDataAnalytics2013,
    author = {Kumar, Shamanth and Morstatter, Fred and Liu, Huan},
    title = {Twitter Data Analytics},
    publisher = {Springer},
    address = {New York, NY, USA},
    year = {2013}
  }
  
@misc{TextBlobDocs,
  author = {Steven Loria},
  title = {{TextBlob: Simplified Text Processing}},
  howpublished = "\url{https://textblob.readthedocs.org}",
  year = {2013}, 
  note = "[Online: dostęp 02 grudnia 2013]"
}
  
@misc{JavaNaiveBayesClassifier,
  author = {Philipp Nolte},
  title = {{Java Naive Bayes Classifier}},
  howpublished = "\url{https://github.com/ptnplanet/Java-Naive-Bayes-Classifier}",
  year = {2012}, 
  note = "[Online: dostęp 05 stycznia 2014]"
}
  
@misc{EmoticonAnalysisTwitter,
  author = {Data Genetics},
  title = {{Emoticon Analysis in Twitter}},
  howpublished = "\url{http://datagenetics.com/blog/october52012/index.html}",
  year = {2012}, 
  note = "[Online: dostęp 17 grudnia 2013]"
}

@TechReport{EmoticonsInSentimentTwente,
  author = 	 {Hogenboom, A., and Bal, D. and Frasincar, F. and Bal, M. and de Jong, F. and Kaymak, U.},
  title = 	 {Exploiting Emoticons in Sentiment Analysis},
  institution =  {University of Twente},
  year = 	 {2013}
}

@InProceedings{MPQASubjectivyLexicon,
  author = 	 {Wilson, A. and Wiebe, J. and Hoffman, P.},
  title = 	 {Recognizing Contextual Polarity in Phrase-Level Sentiment Analysis},
  booktitle = {HLT/EMNLP},
  year = 	 {2005},
  address = 	 {Vancouver, Canada},
}

@InProceedings{BingLiuSentiment,
  author = 	 {Liu, B. and Hu, M.},
  title = 	 {Mining and Summarizing Customer Reviews},
  booktitle = {ACM SIGKDD International Conference on Knowledge Discovery and Data Mining (KDD-2004)},
  year = {2004},
  address = {Seattle, Washington, USA},
}