@Article{artykul2011,
  author       = {Autor},
  title        = {Artykuł w czasopiśmie},
  journal      = {Czasopismo},
  year         = {2011},
  note         = {Notatka}
}

@Book{ksiazka2011,
  author       = {Autor},
  title        = {Książka},
  publisher    = {Wydawnictwo},
  year         = {2011}
}
